<record><leader>00000cas a22000007a 4500</leader><controlfield tag="001">18784362</controlfield><controlfield tag="008">881118d18831889nduwr ne      0    0eng d</controlfield><datafield ind1=" " ind2=" " tag="010"><subfield code="a">sn 88076712 </subfield></datafield><datafield ind1=" " ind2=" " tag="040"><subfield code="a">NOP</subfield><subfield code="b">eng</subfield><subfield code="c">NOP</subfield><subfield code="d">OCLCQ</subfield></datafield><datafield ind1=" " ind2=" " tag="042"><subfield code="a">msc</subfield></datafield><datafield ind1="0" ind2=" " tag="130"><subfield code="a">News and times (Grafton, N.D. : 1883)</subfield></datafield><datafield ind1="1" ind2="4" tag="245"><subfield code="a">The news and times.</subfield></datafield><datafield ind1=" " ind2=" " tag="260"><subfield code="a">Grafton, Walsh Co., D.T. [N.D.] :</subfield><subfield code="b">Upham &amp; Winship</subfield></datafield><datafield ind1=" " ind2=" " tag="300"><subfield code="a">6 v. :</subfield><subfield code="b">ill.</subfield></datafield><datafield ind1=" " ind2=" " tag="310"><subfield code="a">Weekly</subfield></datafield><datafield ind1="0" ind2=" " tag="362"><subfield code="a">Vol. 3, no. 22 (Oct. 19, 1883)-v. 9, no. 6 (June 20, 1889).</subfield></datafield><datafield ind1=" " ind2=" " tag="530"><subfield code="a">Available on microfilm from the State Historical Society of North Dakota.</subfield></datafield><datafield ind1=" " ind2=" " tag="752"><subfield code="a">United States</subfield><subfield code="b">North Dakota</subfield><subfield code="c">Walsh</subfield><subfield code="d">Grafton.</subfield></datafield><datafield ind1="0" ind2="4" tag="780"><subfield code="t">Grafton news (Grafton, N.D.)</subfield><subfield code="w">(DLC)sn 88076711</subfield></datafield><datafield ind1="0" ind2="4" tag="780"><subfield code="t">Walsh County times (Grafton, N.D.)</subfield></datafield><datafield ind1="0" ind2="0" tag="785"><subfield code="t">Herald news-times</subfield><subfield code="w">(DLC)sn 88076713</subfield></datafield></record>